<record><leader>00000cas a22000007a 4500</leader><controlfield tag="001">18394865</controlfield><controlfield tag="008">880824d19741986pauwr ne      0    0eng d</controlfield><datafield ind1=" " ind2=" " tag="010"><subfield code="a">sn 89077613 </subfield></datafield><datafield ind1=" " ind2=" " tag="040"><subfield code="a">NPH</subfield><subfield code="b">eng</subfield><subfield code="c">NPH</subfield><subfield code="d">OCLCQ</subfield></datafield><datafield ind1=" " ind2=" " tag="042"><subfield code="a">msc</subfield></datafield><datafield ind1="0" ind2="0" tag="245"><subfield code="a">Feasterville spirit.</subfield></datafield><datafield ind1="1" ind2="7" tag="246"><subfield code="a">Spirit newspapers</subfield></datafield><datafield ind1=" " ind2=" " tag="260"><subfield code="a">Warminster, Hatboro, Pa. :</subfield><subfield code="b">Montgomery Pub. Co.,</subfield><subfield code="c">1974-1986.</subfield></datafield><datafield ind1=" " ind2=" " tag="300"><subfield code="a">v. :</subfield><subfield code="b">ill.</subfield></datafield><datafield ind1=" " ind2=" " tag="310"><subfield code="a">Weekly</subfield></datafield><datafield ind1="0" ind2=" " tag="362"><subfield code="a">Nov. 26, 1974-Sept. 9, 1986.</subfield></datafield><datafield ind1=" " ind2=" " tag="500"><subfield code="a">Serving "Hatboro, Feasterville, Trevose, Oakford and Siles."</subfield></datafield><datafield ind1=" " ind2=" " tag="500"><subfield code="a">Numerous regional eds.</subfield></datafield><datafield ind1=" " ind2=" " tag="752"><subfield code="a">United States</subfield><subfield code="b">Pennsylvania</subfield><subfield code="c">Montgomery</subfield><subfield code="d">Warminster.</subfield></datafield><datafield ind1=" " ind2=" " tag="752"><subfield code="a">United States</subfield><subfield code="b">Pennsylvania</subfield><subfield code="c">Bucks.</subfield></datafield><datafield ind1="0" ind2="0" tag="780"><subfield code="t">Bucks County spirit</subfield><subfield code="w">(DLC)sn 89077615</subfield></datafield><datafield ind1="0" ind2="0" tag="785"><subfield code="t">Spirit of Bucks County</subfield><subfield code="w">(DLC)sn 89077614</subfield></datafield></record>